1129 1448
440 200 642 241 ῢϋῷ
840 204 925 244 ·V<

221 281 223 284 '
271 277 411 308 Ceterum
419 276 427 279 ”
434 277 588 307 dissertatio
614 277 659 308 illa
683 274 795 308 constat
816 284 874 308 Μαι

206 334 295 365 gnam
310 330 419 364 partem
433 325 556 359 calculis,
567 325 643 356 vetis
652 325 769 365 quidem
782 324 832 355 illis
842 331 872 354 et

206 371 343 402 omnibus
360 373 487 402 numeris
508 371 662 407 absolutis,
682 371 730 402 sed
752 369 871 412 propter

205 418 323 448 nimiam
341 417 378 448 sui
394 418 505 449 molem
515 425 600 459 atque
613 417 809 461 difficultatem
825 427 871 448 au-

204 463 264 494 ditu
277 463 491 495 molestiffimis:
504 474 579 505 quae
591 465 611 495 fi
622 465 811 495 recitarentur
821 473 871 504 pu-

204 511 291 547 blice,
308 511 467 551 periculum
483 518 559 546 erat,
576 522 617 542 ne
630 510 797 542 auditorum
812 511 870 541 ani-

203 559 244 588 mi
259 558 445 589 auscultandis
467 560 499 589 iis
514 559 688 593 deficerent,
707 568 786 589 neue
802 559 870 589 Aca-

202 605 297 635 demia
311 605 500 636 Summorum
516 606 652 645 patientia
671 605 807 636 Virorum
823 605 869 636 abs

202 652 258 686 vti,
280 658 467 692 caeterosque
488 652 602 682 enicare
626 651 698 682 odio
717 652 870 683 videretur.

201 698 342 729 Praeuidit
359 698 418 729 hoc
430 697 662 733 incommodum,
683 699 869 739 prouiditque

201 744 377 775 l-llustriffimi
398 744 531 776 Praefidis
551 744 692 785 sapientia.
750 746 868 776 Manda-

198 793 243 823 vit
259 792 459 822 Astronomiae
477 791 627 823 Profeffori
645 793 680 823 V.
697 792 731 823 C.
747 793 868 824 Nicetae

200 839 349 878 Popouio‚
370 839 449 868 cuius
466 838 494 867 id
511 839 649 878 temporis
670 838 786 868 dicendi
808 846 868 870 erat

200 885 366 926 prouincia,
386 891 419 915 vt
435 884 580 925 prolixam
601 883 678 915 illam
699 884 793 915 Euleri
813 880 867 917 dis-

199 932 391 965 ferrationem,
407 930 512 961 omiffis
528 930 818 972 calculisgredigeret
835 933 866 964 in

198 972 418 1019 compendium,
432 984 461 1008 et
472 987 545 1017 quae
558 977 805 1018 indexexcepiffet,
820 990 866 1010 au-

198 1026 326 1056 ditorum
341 1022 421 1054 causa
437 1023 569 1053 recitaret
582 1023 704 1062 publice.
727 1025 797 1065 Q10
807 1028 866 1065 qui.

199 1071 267 1101 dem
279 1069 358 1100 facito
371 1075 401 1099 et
415 1068 527 1099 auribus
542 1067 695 1104 hominum
713 1070 866 1107 consuluit,

198 1125 227 1148 et
242 1123 339 1147 tamen
357 1125 453 1146 rerum
464 1116 588 1156 capitum
602 1118 752 1157 participes
764 1127 816 1149 eos
828 1119 865 1150 fa-

198 1173 264 1195 cere
276 1162 413 1204 aequabili
429 1168 662 1203 temperamento
673 1163 804 1197 instituit:
825 1172 864 1196 at-

284 1221 286 1223 -
540 1217 559 1235 ἢ
582 1215 598 1243 3
808 1217 866 1248 que
